<?xml version="1.0" encoding="UTF-8"?><collection xmlns="http://www.loc.gov/MARC21/slim"><record><leader>00371nam--2200133-i-4500</leader><controlfield tag="001">000006281</controlfield><controlfield tag="002">20161230</controlfield><controlfield tag="005">20161230201026</controlfield><controlfield tag="008">060222s1000------------r-----000-0-eng-d</controlfield><datafield ind1=" " ind2=" " tag="080"><subfield code="a">539.14</subfield></datafield><datafield ind1=" " ind2=" " tag="100"><subfield code="a">Bauer, Mariano</subfield></datafield><datafield ind1=" " ind2=" " tag="245"><subfield code="a">Fuerzas de wigner y el modelo de capas del nucleo</subfield></datafield><datafield ind1=" " ind2=" " tag="260"><subfield code="a">Mexico, Comision Nacional De Energia Nucleara, 1959 /141-152 P.</subfield></datafield><datafield ind1=" " ind2=" " tag="852"><subfield code="a">15306</subfield></datafield></record></collection>